<record><leader>00000cas a22000007a 4500</leader><controlfield tag="001">24101461</controlfield><controlfield tag="008">910719d192619uunyuwr ne      0    0eng d</controlfield><datafield ind1=" " ind2=" " tag="010"><subfield code="a">sn 91066353 </subfield></datafield><datafield ind1=" " ind2=" " tag="040"><subfield code="a">NYS</subfield><subfield code="b">eng</subfield><subfield code="c">NYS</subfield><subfield code="d">OCLCQ</subfield></datafield><datafield ind1=" " ind2=" " tag="042"><subfield code="a">msc</subfield></datafield><datafield ind1="0" ind2=" " tag="130"><subfield code="a">Lisle gleaner (Lisle, N.Y. : 1926)</subfield></datafield><datafield ind1="1" ind2="0" tag="245"><subfield code="a">Lisle gleaner.</subfield></datafield><datafield ind1=" " ind2=" " tag="260"><subfield code="a">Lisle, Broome County, N.Y. :</subfield><subfield code="b">Vernon Leslie Spencer</subfield></datafield><datafield ind1=" " ind2=" " tag="300"><subfield code="a">v.</subfield></datafield><datafield ind1=" " ind2=" " tag="310"><subfield code="a">Weekly</subfield></datafield><datafield ind1="0" ind2=" " tag="362"><subfield code="a">Vol. 52, no. 29 (Jan. 7, 1926)-</subfield></datafield><datafield ind1=" " ind2="4" tag="651"><subfield code="a">Lisle (N.Y.)</subfield><subfield code="v">Newspapers.</subfield></datafield><datafield ind1=" " ind2=" " tag="752"><subfield code="a">United States</subfield><subfield code="b">New York</subfield><subfield code="c">Broome</subfield><subfield code="d">Lisle.</subfield></datafield><datafield ind1="0" ind2="0" tag="780"><subfield code="t">Lisle gleaner and new era</subfield><subfield code="w">(DLC)sn 91066352</subfield><subfield code="w">(OCoLC)24101399</subfield></datafield><datafield ind1="1" ind2=" " tag="029"><subfield code="a">AU@</subfield><subfield code="b">000025907166</subfield></datafield></record>